@inproceedings{guiding_blind,
author = {Kammoun, Slim and Jouffrais, Christophe and Guerreiro, Tiago and Nicolau, Hugo and Jorge, Joaquim},
year = {2012},
month = {01},
pages = {},
title = {Guiding Blind People with Haptic Feedback},
booktitle = {Placeholde}
}

@misc{realsense,
  author = {Intel},
  title = {librealsense},
  year = {2018},
  publisher = {GitHub},
  journal = {GitHub repository},
  howpublished = {\url{https://github.com/IntelRealSense/librealsense}},
  commit = {bdce5a4}
}

@article{opencv_library,
    author = {Bradski, G.},
    citeulike-article-id = {2236121},
    journal = {Dr. Dobb's Journal of Software Tools},
    keywords = {bibtex-import},
    posted-at = {2008-01-15 19:21:54},
    priority = {4},
    title = {{The OpenCV Library}},
    year = {2000}
}

@inproceedings{zhou2017scene,
    title={Scene Parsing through ADE20K Dataset},
    author={Zhou, Bolei and Zhao, Hang and Puig, Xavier and Fidler, Sanja and Barriuso, Adela and Torralba, Antonio},
    booktitle={Proceedings of the IEEE Conference on Computer Vision and Pattern Recognition},
    year={2017}
}

@article{zhou2016semantic,
  title={Semantic understanding of scenes through the ade20k dataset},
  author={Zhou, Bolei and Zhao, Hang and Puig, Xavier and Fidler, Sanja and Barriuso, Adela and Torralba, Antonio},
  journal={arXiv preprint arXiv:1608.05442},
  year={2016}
}

@article{gluoncvnlp2019,
  title={GluonCV and GluonNLP: Deep Learning in Computer Vision and Natural Language Processing},
  author={Guo, Jian and He, He and He, Tong and Lausen, Leonard and Li, Mu and Lin, Haibin and Shi, Xingjian and Wang, Chenguang and Xie, Junyuan and Zha, Sheng and Zhang, Aston and Zhang, Hang and Zhang, Zhi and Zhang, Zhongyue and Zheng, Shuai},
  journal={arXiv preprint arXiv:1907.04433},
  year={2019}
}

@article{he2018bag,
  title={Bag of Tricks for Image Classification with Convolutional Neural Networks},
  author={He, Tong and Zhang, Zhi and Zhang, Hang and Zhang, Zhongyue and Xie, Junyuan and Li, Mu},
  journal={arXiv preprint arXiv:1812.01187},
  year={2018}
}

@article{zhang2019bag,
  title={Bag of Freebies for Training Object Detection Neural Networks},
  author={Zhang, Zhi and He, Tong and Zhang, Hang and Zhang, Zhongyue and Xie, Junyuan and Li, Mu},
  journal={arXiv preprint arXiv:1902.04103},
  year={2019}
}

@misc{Bovik19,
  author        = {Alan Bovik},
  title         = {Lecture notes in Digital Image Processing},
  month         = {December},
  year          = {2019},
  publisher={The University of Texas at Austin}
}

@inproceedings{Liu2016SSDSS,
  title={SSD: Single Shot MultiBox Detector},
  author={Wei Liu and Dragomir Anguelov and Dumitru Erhan and Christian Szegedy and Scott E. Reed and Cheng-Yang Fu and Alexander C. Berg},
  booktitle={ECCV},
  year={2016}
}

@article{Howard2017MobileNetsEC,
  title={MobileNets: Efficient Convolutional Neural Networks for Mobile Vision Applications},
  author={Andrew G. Howard and Menglong Zhu and Bo Chen and Dmitry Kalenichenko and Weijun Wang and Tobias Weyand and Marco Andreetto and Hartwig Adam},
  journal={ArXiv},
  year={2017},
  volume={abs/1704.04861}
}

@article{LetBlind,
author = {Jiang, Rui and Lin, Qian and Qu, Shuhui},
year = {2016},
month = {03},
pages = {},
journal={},
title = {Let Blind People See: Real-Time Visual Recognition with Results Converted to 3D Audio}
}

@INPROCEEDINGS{Kinect,
author={F. {Ahmad} and {Tanveerulhaq} and I. {Ishaq} and D. {Ali} and M. F. {Riaz}},
booktitle={2016 International Conference on Bio-engineering for Smart Technologies (BioSMART)},
title={Bionic Kinect device to assist visually impaired people by haptic and voice feedback},
year={2016},
volume={},
number={},
pages={1-4},
keywords={assisted living;biomedical optical imaging;feature extraction;feedback;haptic interfaces;image denoising;image segmentation;learning (artificial intelligence);medical image processing;microcontrollers;sensors;ubiquitous computing;vision defects;bionic kinect device;visually impaired people;voice feedback;kinect sensor;Next Unit of Computing;NUC board;RGB camera;depth data;infrared projector;receiver sensor;depth matrix;noise removal;2D image processing algorithm;contour detection;image segmentation technique;haptic sequence;voice command;haptic feedback device;onboard microcontroller algorithm;text recognition;optical character recognition system;machine learning algorithm;kinect color data;wearable ubiquitous computing;power management circulatory;Haptic interfaces;Microcontrollers;Batteries;Pulse width modulation;Navigation;Universal Serial Bus;Voltage control;Kinect Sensor;Visual Impaired;Haptic Feedback;Depth Data;Color Data;Image Processing;Microcontroller;NUC Board and Ubiquitous Computing},
doi={10.1109/BIOSMART.2016.7835472},
ISSN={null},
month={Dec},}
